@article{twopl,
 author = {Eswaran, K. P. and Gray, J. N. and Lorie, R. A. and Traiger, I. L.},
 title = {The Notions of Consistency and Predicate Locks in a Database System},
 journal = {Commun. ACM},
 issue_date = {Nov. 1976},
 volume = {19},
 number = {11},
 month = nov,
 year = {1976},
 issn = {0001-0782},
 pages = {624--633},
 numpages = {10},
 url = {http://doi.acm.org/10.1145/360363.360369},
 doi = {10.1145/360363.360369},
 acmid = {360369},
 publisher = {ACM},
 address = {New York, NY, USA},
 keywords = {concurrancy, consistency, database, lock, transaction},
}
@book{ullmanbook,
 author = {Garcia-Molina, Hector and Ullman, Jeffrey D. and Widom, Jennifer},
 title = {Database Systems: The Complete Book},
 year = {2008},
 isbn = {9780131873254},
 edition = {2},
 publisher = {Prentice Hall Press},
 address = {Upper Saddle River, NJ, USA},
}
@book{dbtuningbook,
 author = {Shasha, Dennis and Bonnet, Philippe},
 title = {Database Tuning: Principles, Experiments, and Troubleshooting Techniques},
 year = {2003},
 isbn = {1-55860-753-6},
 publisher = {Morgan Kaufmann Publishers Inc.},
 address = {San Francisco, CA, USA},
} 
@inproceedings{gray1976,
    author = {J. N. Gray and R. A. Lorie and G. R. Putzolu and I. L. Traiger},
    title = {Granularity of locks and degrees of consistency in a shared data base},
    booktitle = {},
    year = {1976},
    pages = {365--394}
}
@article{cap,
	author = {Gilbert, Seth and Lynch, Nancy},
	title = {{Brewer's Conjecture and the Feasibility of Consistent, Available, Partition-tolerant Web Services}},
	journal = {SIGACT News},
	issue_date = {June 2002},
	volume = {33},
	number = {2},
	month = jun,
	year = {2002},
	issn = {0163-5700},
	pages = {51--59},
	numpages = {9},
	doi = {10.1145/564585.564601},
	acmid = {564601},
	publisher = {ACM},
	address = {New York, NY, USA},
}
@inproceedings{redblueosdi,
	author = {Li, Cheng and Porto, Daniel and Clement, Allen and Gehrke, Johannes and Pregui\c{c}a, Nuno and Rodrigues, Rodrigo},
	title = {{Making Geo-replicated Systems Fast As Possible, Consistent when Necessary}},
	booktitle = {{Proceedings of the 10th USENIX Conference on Operating Systems Design and Implementation}},
	series = {OSDI'12},
	year = {2012},
	isbn = {978-1-931971-96-6},
	location = {Hollywood, CA, USA},
	pages = {265--278},
	numpages = {14},
	url = {http://dl.acm.org/citation.cfm?id=2387880.2387906},
	acmid = {2387906},
	publisher = {USENIX Association},
	address = {Berkeley, CA, USA},
}
@inproceedings{redblueatc,
	author = {Li, Cheng and Leit\~{a}o, Jo\~{a}o and Clement, Allen and Pregui\c{c}a, Nuno and Rodrigues, Rodrigo and Vafeiadis, Viktor},
	title = {{Automating the Choice of Consistency Levels in Replicated Systems}},
	booktitle = {{Proceedings of the 2014 USENIX Conference on USENIX Annual Technical Conference}},
	series = {USENIX ATC'14},
	year = {2014},
	isbn = {978-1-931971-10-2},
	location = {Philadelphia, PA},
	pages = {281--292},
	numpages = {12},
	url = {http://dl.acm.org/citation.cfm?id=2643634.2643664},
	acmid = {2643664},
	publisher = {USENIX Association},
	address = {Berkeley, CA, USA},
}
@article{bailishat,
	author = {Peter Bailis and Aaron Davidson and Alan Fekete and Ali Ghodsi and Joseph M. Hellerstein and Ion Stoica},
	title     = {{Highly Available Transactions: Virtues and Limitations}},
	journal   = {PVLDB},
	volume    = {7},
	number    = {3},
	year      = {2013},
	pages     = {181-192},
	ee        = {http://www.vldb.org/pvldb/vol7/p181-bailis.pdf},
	bibsource = {DBLP, http://dblp.uni-trier.de}
}
@inproceedings{alvarocalm,
	author    = {Peter Alvaro and Neil Conway and Joe Hellerstein and William R. Marczak},
	title     = {{Consistency Analysis in Bloom: a {CALM} and Collected Approach}},
	booktitle = {{CIDR} 2011, Fifth Biennial Conference on Innovative Data Systems
		Research, Asilomar, CA, USA, January 9-12, 2011, Online Proceedings},
	year      = {2011},
	pages     = {249--260},
}
@inproceedings{bailishotos,
 author = {Bailis, Peter and Fekete, Alan and Ghodsi, Ali and Hellerstein, Joseph M. and Stoica, Ion},
 title = {HAT, Not CAP: Towards Highly Available Transactions},
 booktitle = {Proceedings of the 14th USENIX Conference on Hot Topics in Operating Systems},
 series = {HotOS'13},
 year = {2013},
 location = {Santa Ana Pueblo, New Mexcio},
 pages = {24--24},
 numpages = {1},
 url = {http://dl.acm.org/citation.cfm?id=2490483.2490507},
 acmid = {2490507},
 publisher = {USENIX Association},
 address = {Berkeley, CA, USA},
}
@article{sernotavlbl,
 author = {Davidson, Susan B. and Garcia-Molina, Hector and Skeen, Dale},
 title = {Consistency in a Partitioned Network: A Survey},
 journal = {ACM Comput. Surv.},
 issue_date = {Sept. 1985},
 volume = {17},
 number = {3},
 month = sep,
 year = {1985},
 issn = {0360-0300},
 pages = {341--370},
 numpages = {30},
 url = {http://doi.acm.org/10.1145/5505.5508},
 doi = {10.1145/5505.5508},
 acmid = {5508},
 publisher = {ACM},
 address = {New York, NY, USA},
}
@inproceedings{bernsigmod13,
 author = {Bernstein, Philip A. and Das, Sudipto},
 title = {Rethinking Eventual Consistency},
 booktitle = {Proceedings of the 2013 ACM SIGMOD International Conference on Management of Data},
 series = {SIGMOD '13},
 year = {2013},
 isbn = {978-1-4503-2037-5},
 location = {New York, New York, USA},
 pages = {923--928},
 numpages = {6},
 url = {http://doi.acm.org/10.1145/2463676.2465339},
 doi = {10.1145/2463676.2465339},
 acmid = {2465339},
 publisher = {ACM},
 address = {New York, NY, USA},
 keywords = {eventual consistency, replication},
}
@article{bailisvldb,
 author = {Bailis, Peter and Fekete, Alan and Franklin, Michael J. and Ghodsi, Ali and Hellerstein, Joseph M. and Stoica, Ion},
 title = {Coordination Avoidance in Database Systems},
 journal = {Proc. VLDB Endow.},
 issue_date = {November 2014},
 volume = {8},
 number = {3},
 month = nov,
 year = {2014},
 issn = {2150-8097},
 pages = {185--196},
 numpages = {12},
 url = {http://dx.doi.org/10.14778/2735508.2735509},
 doi = {10.14778/2735508.2735509},
 acmid = {2735509},
 publisher = {VLDB Endowment},
}
@inproceedings{bailisferal,
 author = {Bailis, Peter and Fekete, Alan and Franklin, Michael J. and Ghodsi, Ali and Hellerstein, Joseph M. and Stoica, Ion},
 title = {Feral Concurrency Control: An Empirical Investigation of Modern Application Integrity},
 booktitle = {Proceedings of the 2015 ACM SIGMOD International Conference on Management of Data},
 series = {SIGMOD '15},
 year = {2015},
 isbn = {978-1-4503-2758-9},
 location = {Melbourne, Victoria, Australia},
 pages = {1327--1342},
 numpages = {16},
 url = {http://doi.acm.org/10.1145/2723372.2737784},
 doi = {10.1145/2723372.2737784},
 acmid = {2737784},
 publisher = {ACM},
 address = {New York, NY, USA},
 keywords = {application integrity, concurrency control, impedance mismatch, invariants, orms, ruby on rails},
}
@inproceedings{gotsmanpopl16,
 author = {Gotsman, Alexey and Yang, Hongseok and Ferreira, Carla and Najafzadeh, Mahsa and Shapiro, Marc},
 title = {'Cause I'M Strong Enough: Reasoning About Consistency Choices in Distributed Systems},
 booktitle = {Proceedings of the 43rd Annual ACM SIGPLAN-SIGACT Symposium on Principles of Programming Languages},
 series = {POPL 2016},
 year = {2016},
 isbn = {978-1-4503-3549-2},
 location = {St. Petersburg, FL, USA},
 pages = {371--384},
 numpages = {14},
 url = {http://doi.acm.org/10.1145/2837614.2837625},
 doi = {10.1145/2837614.2837625},
 acmid = {2837625},
 publisher = {ACM},
 address = {New York, NY, USA},
 keywords = {Replication, causal consistency, integrity invariants},
}
@inproceedings{gotsmanconcur15,
  author =  {Andrea Cerone and Giovanni Bernardi and Alexey Gotsman},
  title = {{A Framework for Transactional Consistency Models with Atomic Visibility}},
  booktitle = {26th International Conference on Concurrency Theory (CONCUR 2015)},
  pages = {58--71},
  series =  {Leibniz International Proceedings in Informatics (LIPIcs)},
  ISBN =  {978-3-939897-91-0},
  ISSN =  {1868-8969},
  year =  {2015},
  volume =  {42},
  editor =  {Luca Aceto and David de Frutos Escrig},
  publisher = {Schloss Dagstuhl--Leibniz-Zentrum fuer Informatik},
  address = {Dagstuhl, Germany},
  URL =   {http://drops.dagstuhl.de/opus/volltexte/2015/5375},
  URN =   {urn:nbn:de:0030-drops-53756},
  doi =   {http://dx.doi.org/10.4230/LIPIcs.CONCUR.2015.58},
  annote =  {Keywords: Replication, Consistency models, Transactions}
}
@inproceedings{pldi15,
 author = {Sivaramakrishnan, KC and Kaki, Gowtham and Jagannathan, Suresh},
 title = {Declarative Programming over Eventually Consistent Data Stores},
 booktitle = {Proceedings of the 36th ACM SIGPLAN Conference on Programming Language Design and Implementation},
 series = {PLDI 2015},
 year = {2015},
 isbn = {978-1-4503-3468-6},
 location = {Portland, OR, USA},
 pages = {413--424},
 numpages = {12},
 url = {http://doi.acm.org/10.1145/2737924.2737981},
 doi = {10.1145/2737924.2737981},
 acmid = {2737981},
 publisher = {ACM},
 address = {New York, NY, USA},
 keywords = {Availability, Axiomatic Contracts, CRDTs, Cassandra, Contract Classification, Decidable Logic, Distributed Transactions, Eventual Consistency, Haskell, Quelea, SMT solvers},
}
@article{feketevldb09,
 author = {Fekete, Alan and Goldrei, Shirley N. and Asenjo, Jorge P{\'e}rez},
 title = {Quantifying Isolation Anomalies},
 journal = {Proc. VLDB Endow.},
 issue_date = {August 2009},
 volume = {2},
 number = {1},
 month = aug,
 year = {2009},
 issn = {2150-8097},
 pages = {467--478},
 numpages = {12},
 url = {http://dx.doi.org/10.14778/1687627.1687681},
 doi = {10.14778/1687627.1687681},
 acmid = {1687681},
 publisher = {VLDB Endowment},
}
@inproceedings{psi,
 author = {Sovran, Yair and Power, Russell and Aguilera, Marcos K. and Li, Jinyang},
 title = {Transactional Storage for Geo-replicated Systems},
 booktitle = {Proceedings of the Twenty-Third ACM Symposium on Operating Systems Principles},
 series = {SOSP '11},
 year = {2011},
 isbn = {978-1-4503-0977-6},
 location = {Cascais, Portugal},
 pages = {385--400},
 numpages = {16},
 url = {http://doi.acm.org/10.1145/2043556.2043592},
 doi = {10.1145/2043556.2043592},
 acmid = {2043592},
 publisher = {ACM},
 address = {New York, NY, USA},
 keywords = {asynchronous replication, distributed storage, geo-distributed systems, key-value store, parallel snapshot isolation, transactions},
} 
@inproceedings{nmsi,
 author = {Ardekani, Masoud Saeida and Sutra, Pierre and Shapiro, Marc},
 title = {Non-monotonic Snapshot Isolation: Scalable and Strong Consistency for Geo-replicated Transactional Systems},
 booktitle = {Proceedings of the 2013 IEEE 32Nd International Symposium on Reliable Distributed Systems},
 series = {SRDS '13},
 year = {2013},
 isbn = {978-0-7695-5115-9},
 pages = {163--172},
 numpages = {10},
 url = {http://dx.doi.org/10.1109/SRDS.2013.25},
 doi = {10.1109/SRDS.2013.25},
 acmid = {2553433},
 publisher = {IEEE Computer Society},
 address = {Washington, DC, USA},
 keywords = {Distributed Transactional Systems, Distributed Databases, Partial Replication, Concurrency Control, Multiversioning},
}
@inproceedings{ecinec,
  author = {Valter Balegas and Nuno Pregui{\c c}a and Rodrigo Rodrigues and S{\'e}rgio Duarte and Carla Ferreira and Mahsa Najafzadeh and Marc Shapiro},
  title =  {{Putting the Consistency back into Eventual Consistency}},
  booktitle = {{Proceedings of the Tenth European Conference on Computer System}},
  year = {2015},
  series = {EuroSys '15},
  address =  {Bordeaux, France},
  url =   {http://lip6.fr/Marc.Shapiro/papers/putting-consistency-back-EuroSys-2015.pdf}
}
@inproceedings{spanner,
 author = {Corbett, James C. and Dean, Jeffrey and Epstein, Michael and Fikes, Andrew and Frost, Christopher and Furman, J. J. and Ghemawat, Sanjay and Gubarev, Andrey and Heiser, Christopher and Hochschild, Peter and Hsieh, Wilson and Kanthak, Sebastian and Kogan, Eugene and Li, Hongyi and Lloyd, Alexander and Melnik, Sergey and Mwaura, David and Nagle, David and Quinlan, Sean and Rao, Rajesh and Rolig, Lindsay and Saito, Yasushi and Szymaniak, Michal and Taylor, Christopher and Wang, Ruth and Woodford, Dale},
 title = {Spanner: Google's Globally-distributed Database},
 booktitle = {Proceedings of the 10th USENIX Conference on Operating Systems Design and Implementation},
 series = {OSDI'12},
 year = {2012},
 isbn = {978-1-931971-96-6},
 location = {Hollywood, CA, USA},
 pages = {251--264},
 numpages = {14},
 url = {http://dl.acm.org/citation.cfm?id=2387880.2387905},
 acmid = {2387905},
 publisher = {USENIX Association},
 address = {Berkeley, CA, USA},
} 
@article{zoo,
  author    = {Paolo Viotti and
               Marko Vukolic},
  title     = {Consistency in Non-Transactional Distributed Storage Systems},
  journal   = {CoRR},
  volume    = {abs/1512.00168},
  year      = {2015},
  url       = {http://arxiv.org/abs/1512.00168},
  timestamp = {Sat, 02 Jan 2016 11:38:49 +0100},
  biburl    = {http://dblp.uni-trier.de/rec/bib/journals/corr/ViottiV15},
  bibsource = {dblp computer science bibliography, http://dblp.org}
}
@inproceedings{berenson,
	author = {Berenson, Hal and Bernstein, Phil and Gray, Jim and Melton, Jim and O'Neil, Elizabeth and O'Neil, Patrick},
	title = {{A Critique of ANSI SQL Isolation Levels}},
	booktitle = {{Proceedings of the 1995 ACM SIGMOD International Conference on Management of Data}},
	series = {SIGMOD '95},
	year = {1995},
	isbn = {0-89791-731-6},
	location = {San Jose, California, USA},
	pages = {1--10},
	numpages = {10},
	doi = {10.1145/223784.223785},
	acmid = {223785},
	publisher = {ACM},
	address = {New York, NY, USA},
}
@phdthesis{adyaphd,
 author = {Adya, Atul},
 title = {Weak Consistency: A Generalized Theory and Optimistic Implementations for Distributed Transactions},
 year = {1999},
 note = {AAI0800775},
 publisher = {Massachusetts Institute of Technology},
 address = {Cambridge, MA, USA},
}
@article{kemmevldb,
 author = {Zellag, Kamal and Kemme, Bettina},
 title = {Consistency Anomalies in Multi-tier Architectures: Automatic Detection and Prevention},
 journal = {The VLDB Journal},
 issue_date = {February  2014},
 volume = {23},
 number = {1},
 month = feb,
 year = {2014},
 issn = {1066-8888},
 pages = {147--172},
 numpages = {26},
 url = \url{http://dx.doi.org/10.1007/s00778-013-0318-x},
 doi = {10.1007/s00778-013-0318-x},
 acmid = {2581630},
 publisher = {Springer-Verlag New York, Inc.},
 address = {Secaucus, NJ, USA},
 keywords = {Consistency, Serializability, Transactions},
} 
@inproceedings{feketesigmod08,
 author = {Cahill, Michael J. and R\"{o}hm, Uwe and Fekete, Alan D.},
 title = {Serializable Isolation for Snapshot Databases},
 booktitle = {Proceedings of the 2008 ACM SIGMOD International Conference on Management of Data},
 series = {SIGMOD '08},
 year = {2008},
 isbn = {978-1-60558-102-6},
 location = {Vancouver, Canada},
 pages = {729--738},
 numpages = {10},
 url = {http://doi.acm.org/10.1145/1376616.1376690},
 doi = {10.1145/1376616.1376690},
 acmid = {1376690},
 publisher = {ACM},
 address = {New York, NY, USA},
 keywords = {multiversion concurrency control, serializability theory, snapshot isolation},
} 
@inproceedings{pssi2011,
 author = {Revilak, Stephen and O'Neil, Patrick and O'Neil, Elizabeth},
 title = {Precisely Serializable Snapshot Isolation (PSSI)},
 booktitle = {Proceedings of the 2011 IEEE 27th International Conference on Data Engineering},
 series = {ICDE '11},
 year = {2011},
 isbn = {978-1-4244-8959-6},
 pages = {482--493},
 numpages = {12},
 url = {http://dx.doi.org/10.1109/ICDE.2011.5767853},
 doi = {10.1109/ICDE.2011.5767853},
 acmid = {2005666},
 publisher = {IEEE Computer Society},
 address = {Washington, DC, USA},
}
@inproceedings{burckhardt14,
	author = {Burckhardt, Sebastian and Gotsman, Alexey and Yang, Hongseok and Zawirski, Marek},
	title = {{Replicated Data Types: Specification, Verification, Optimality}},
	booktitle = {{Proceedings of the 41st ACM SIGPLAN-SIGACT Symposium on Principles of Programming Languages}},
	series = {POPL '14},
	year = {2014},
	isbn = {978-1-4503-2544-8},
	location = {San Diego, California, USA},
	pages = {271--284},
	numpages = {14},
	doi = {10.1145/2535838.2535848},
	acmid = {2535848},
	publisher = {ACM},
	address = {New York, NY, USA},
	keywords = {eventual consistency, replication, weak memory},
}
@misc{starbucksbug,
	key = {Starbucks Bug},
	title={{Hacking Starbucks for unlimited coffee}},
	url = {http://sakurity.com/blog/2015/05/21/starbucks.html},
	note = {Accessed: 2016-06-4 13:21:00},
	year = {2016}

}
@misc{scimedbug,
	key = {SciMed Bug},
	title={{Avoid Race Conditions that Violate Uniqueness Validation - Rails}},
	url = {http://goo.gl/0QhMQj},
	note = {Accessed: 2016-06-4 13:22:00},
	year = {2016}

}
@misc{poloniexbug,
	key = {Poloniex Bug},
	title={{BTC Stolen from Poloniex}},
	url = {{https://bitcointalk.org/index.php?topic=499580}},
	note = {Accessed: 2016-06-4 13:22:00},
	year = {2016}

}
@misc{bitcoinbug,
	key = {Bitcoin Bug},
	title={{How I stole roughly 100 BTC from an exchange and how I could have stolen more!}},
	url = {{https://goo.gl/4SqaP2}},
	note = {Accessed: 2016-06-4 13:22:00},
	year = {2016}

}

@inproceedings{LBC16,
 author = {Lesani, Mohsen and Bell, Christian J. and Chlipala, Adam},
 title = {Chapar: Certified Causally Consistent Distributed Key-value Stores},
 booktitle = {Proceedings of the 43rd Annual ACM SIGPLAN-SIGACT Symposium on Principles of Programming Languages},
 series = {POPL '16},
 year = {2016},
 isbn = {978-1-4503-3549-2},
 location = {St. Petersburg, FL, USA},
 pages = {357--370},
 numpages = {14},
 url = {http://doi.acm.org/10.1145/2837614.2837622},
 doi = {10.1145/2837614.2837622},
 acmid = {2837622},
 publisher = {ACM},
 address = {New York, NY, USA},
 keywords = {causal consistency, theorem proving, verification},
} 
@inproceedings{fekete2005,
 author = {Fekete, Alan},
 title = {Allocating Isolation Levels to Transactions},
 booktitle = {Proceedings of the Twenty-fourth ACM SIGMOD-SIGACT-SIGART Symposium on Principles of Database Systems},
 series = {PODS '05},
 year = {2005},
 isbn = {1-59593-062-0},
 location = {Baltimore, Maryland},
 pages = {206--215},
 numpages = {10},
 url = {http://doi.acm.org/10.1145/1065167.1065193},
 doi = {10.1145/1065167.1065193},
 acmid = {1065193},
 publisher = {ACM},
 address = {New York, NY, USA},
 keywords = {anomaly, concurrency control, consistency, serializability, snapshot isolation, two-phase locking},
}
@article{feketessi,
 author = {Fekete, Alan and Liarokapis, Dimitrios and O'Neil, Elizabeth and O'Neil, Patrick and Shasha, Dennis},
 title = {Making Snapshot Isolation Serializable},
 journal = {ACM Trans. Database Syst.},
 issue_date = {June 2005},
 volume = {30},
 number = {2},
 month = jun,
 year = {2005},
 issn = {0362-5915},
 pages = {492--528},
 numpages = {37},
 url = {http://doi.acm.org/10.1145/1071610.1071615},
 doi = {10.1145/1071610.1071615},
 acmid = {1071615},
 publisher = {ACM},
 address = {New York, NY, USA},
 keywords = {Concurrency control, anomaly, consistency, multiversion concurrency, serializability, snapshot isolation, weak isolation},
} 
@inproceedings{bern2000,
 author = {Bernstein, Arthur J. and Lewis, Philip M. and Lu, Shiyong},
 title = {Semantic Conditions for Correctness at Different Isolation Levels},
 booktitle = {Proceedings of the 16th International Conference on Data Engineering},
 series = {ICDE '00},
 year = {2000},
 isbn = {0-7695-0506-6},
 pages = {57--},
 url = {http://dl.acm.org/citation.cfm?id=846219.847381},
 acmid = {847381},
 publisher = {IEEE Computer Society},
 address = {Washington, DC, USA},
 keywords = {Isolation Levels, Semantic Correctness, Serializability},
key = {{$\!\!$}} ,
}
@inproceedings{battycpp,
 author = {Batty, Mark and Owens, Scott and Sarkar, Susmit and Sewell, Peter and Weber, Tjark},
 title = {Mathematizing C++ Concurrency},
 booktitle = {Proceedings of the 38th Annual ACM SIGPLAN-SIGACT Symposium on Principles of Programming Languages},
 series = {POPL '11},
 year = {2011},
 isbn = {978-1-4503-0490-0},
 location = {Austin, Texas, USA},
 pages = {55--66},
 numpages = {12},
 url = {http://doi.acm.org/10.1145/1926385.1926394},
 doi = {10.1145/1926385.1926394},
 acmid = {1926394},
 publisher = {ACM},
 address = {New York, NY, USA},
 keywords = {relaxed memory models, semantics},
} 
@inproceedings{rgtso,
 author = {Ridge, Tom},
 title = {A Rely-guarantee Proof System for x86-TSO},
 booktitle = {Proceedings of the Third International Conference on Verified Software: Theories, Tools, Experiments},
 series = {VSTTE'10},
 year = {2010},
 isbn = {3-642-15056-X, 978-3-642-15056-2},
 location = {Edinburgh, UK},
 pages = {55--70},
 numpages = {16},
 url = {http://dl.acm.org/citation.cfm?id=1884866.1884873},
 acmid = {1884873},
 publisher = {Springer-Verlag},
 address = {Berlin, Heidelberg},
}
@inproceedings{rsl13,
 author = {Vafeiadis, Viktor and Narayan, Chinmay},
 title = {Relaxed Separation Logic: A Program Logic for C11 Concurrency},
 booktitle = {Proceedings of the 2013 ACM SIGPLAN International Conference on Object Oriented Programming Systems Languages \&\#38; Applications},
 series = {OOPSLA '13},
 year = {2013},
 isbn = {978-1-4503-2374-1},
 location = {Indianapolis, Indiana, USA},
 pages = {867--884},
 numpages = {18},
 url = {http://doi.acm.org/10.1145/2509136.2509532},
 doi = {10.1145/2509136.2509532},
 acmid = {2509532},
 publisher = {ACM},
 address = {New York, NY, USA},
 keywords = {c/c++, concurrency, proof system, separation logic, weak memory models},
} 
@inproceedings{ferreira10,
 author = {Ferreira, Rodrigo and Feng, Xinyu and Shao, Zhong},
 title = {Parameterized Memory Models and Concurrent Separation Logic},
 booktitle = {Proceedings of the 19th European Conference on Programming Languages and Systems},
 series = {ESOP'10},
 year = {2010},
 isbn = {3-642-11956-5, 978-3-642-11956-9},
 location = {Paphos, Cyprus},
 pages = {267--286},
 numpages = {20},
 url = {http://dx.doi.org/10.1007/978-3-642-11957-6_15},
 doi = {10.1007/978-3-642-11957-6_15},
 acmid = {2175501},
 publisher = {Springer-Verlag},
 address = {Berlin, Heidelberg},
}
@article{csl,
 author = {Vafeiadis, Viktor},
 title = {Concurrent Separation Logic and Operational Semantics},
 journal = {Electron. Notes Theor. Comput. Sci.},
 issue_date = {September, 2011},
 volume = {276},
 month = sep,
 year = {2011},
 issn = {1571-0661},
 pages = {335--351},
 numpages = {17},
 url = {http://dx.doi.org/10.1016/j.entcs.2011.09.029},
 doi = {10.1016/j.entcs.2011.09.029},
 acmid = {2048861},
 publisher = {Elsevier Science Publishers B. V.},
 address = {Amsterdam, The Netherlands, The Netherlands},
 keywords = {Separation logic, concurrency, race condition, soundness},
}
